<record><leader>00000cas a2200000 a 4500</leader><controlfield tag="001">30759322</controlfield><controlfield tag="008">940713d19461951oruwr ne      0    0fin c</controlfield><datafield ind1=" " ind2=" " tag="010"><subfield code="a">sn 96088255 </subfield></datafield><datafield ind1=" " ind2=" " tag="040"><subfield code="a">ORY</subfield><subfield code="b">eng</subfield><subfield code="c">ORY</subfield><subfield code="d">OCN</subfield><subfield code="d">OCLCQ</subfield><subfield code="d">OCLCO</subfield><subfield code="d">OCLCF</subfield><subfield code="d">OCLCQ</subfield></datafield><datafield ind1="0" ind2=" " tag="041"><subfield code="a">fin</subfield><subfield code="a">eng</subfield></datafield><datafield ind1=" " ind2=" " tag="042"><subfield code="a">pcc</subfield></datafield><datafield ind1=" " ind2=" " tag="043"><subfield code="a">n-us-or</subfield></datafield><datafield ind1="0" ind2="0" tag="245"><subfield code="a">La&#776;nnen uutiset.</subfield></datafield><datafield ind1="1" ind2=" " tag="246"><subfield code="i">Issues for Aug. 23, 1946-Mar. 30, 1951 have parallel title in English:</subfield><subfield code="a">Western news</subfield></datafield><datafield ind1=" " ind2=" " tag="260"><subfield code="a">Astoria, Or. :</subfield><subfield code="b">O. Zatterlow,</subfield><subfield code="c">1946-1951.</subfield></datafield><datafield ind1=" " ind2=" " tag="300"><subfield code="a">volumes</subfield></datafield><datafield ind1=" " ind2=" " tag="310"><subfield code="a">Weekly</subfield></datafield><datafield ind1=" " ind2=" " tag="336"><subfield code="a">text</subfield><subfield code="b">txt</subfield><subfield code="2">rdacontent</subfield></datafield><datafield ind1=" " ind2=" " tag="337"><subfield code="a">unmediated</subfield><subfield code="b">n</subfield><subfield code="2">rdamedia</subfield></datafield><datafield ind1=" " ind2=" " tag="338"><subfield code="a">volume</subfield><subfield code="b">nc</subfield><subfield code="2">rdacarrier</subfield></datafield><datafield ind1="0" ind2=" " tag="362"><subfield code="a">Vuosik. 25, n:o 31 (Elokuun 2, 1946)-v. 30, n:o 13 (Maaliskuun 30, 1951).</subfield></datafield><datafield ind1=" " ind2=" " tag="500"><subfield code="a">Occasional English feature articles appear beginning with Feb. 10, 1950 issue.</subfield></datafield><datafield ind1=" " ind2="0" tag="650"><subfield code="a">Finnish Americans</subfield><subfield code="z">Oregon</subfield><subfield code="v">Newspapers.</subfield></datafield><datafield ind1=" " ind2="0" tag="651"><subfield code="a">Astoria (Or.)</subfield><subfield code="v">Newspapers.</subfield></datafield><datafield ind1=" " ind2="7" tag="650"><subfield code="a">Finnish Americans.</subfield><subfield code="2">fast</subfield><subfield code="0">(OCoLC)fst00924936</subfield></datafield><datafield ind1=" " ind2="7" tag="651"><subfield code="a">Oregon.</subfield><subfield code="2">fast</subfield><subfield code="0">(OCoLC)fst01204579</subfield></datafield><datafield ind1=" " ind2="7" tag="651"><subfield code="a">Oregon</subfield><subfield code="z">Astoria.</subfield><subfield code="2">fast</subfield><subfield code="0">(OCoLC)fst01217113</subfield></datafield><datafield ind1=" " ind2="0" tag="655"><subfield code="a">Finnish American newspapers.</subfield></datafield><datafield ind1=" " ind2="7" tag="655"><subfield code="a">Newspapers.</subfield><subfield code="2">fast</subfield><subfield code="0">(OCoLC)fst01423814</subfield></datafield><datafield ind1=" " ind2=" " tag="752"><subfield code="a">United States</subfield><subfield code="b">Oregon</subfield><subfield code="c">Clatsop</subfield><subfield code="d">Astoria.</subfield></datafield><datafield ind1="0" ind2="0" tag="780"><subfield code="t">La&#776;nnen suometar</subfield><subfield code="w">(DLC)sn 91066418</subfield><subfield code="w">(OCoLC)23441476</subfield></datafield><datafield ind1="0" ind2="4" tag="785"><subfield code="t">Columbia press (Astoria, Or.)</subfield><subfield code="w">(DLC)sn 96088272</subfield><subfield code="w">(OCoLC)30759312</subfield></datafield><datafield ind1="1" ind2=" " tag="029"><subfield code="a">AU@</subfield><subfield code="b">000025922572</subfield></datafield></record>